<?xml version="1.0" encoding="UTF-8"?>
<record>
  <leader>01836nas a2200541 c 4500</leader>
  <controlfield tag="005">20230515105652.0</controlfield>
  <controlfield tag="006">sa</controlfield>
  <controlfield tag="007">tu</controlfield>
  <controlfield tag="008">991120c19849999gw z||p|  ||| 0||||1ger c</controlfield>
  <controlfield tag="003">DE-605</controlfield>
  <controlfield tag="001">990054345550206441</controlfield>
  <datafield tag="015" ind1=" " ind2=" ">
    <subfield code="a">85,B02,0814</subfield>
    <subfield code="2">dnb</subfield>
  </datafield>
  <datafield tag="016" ind1="7" ind2=" ">
    <subfield code="a">619424-2</subfield>
    <subfield code="2">DE-600</subfield>
  </datafield>
  <datafield tag="016" ind1="7" ind2=" ">
    <subfield code="a">01359009X</subfield>
    <subfield code="2">DE-101</subfield>
  </datafield>
  <datafield tag="022" ind1=" " ind2=" ">
    <subfield code="a">0177-0403</subfield>
    <subfield code="0">http://worldcat.org/issn/0177-0403</subfield>
  </datafield>
  <datafield tag="035" ind1=" " ind2=" ">
    <subfield code="a">(DE-599)ZDB619424-2</subfield>
  </datafield>
  <datafield tag="035" ind1=" " ind2=" ">
    <subfield code="a">(OCoLC)985104571</subfield>
  </datafield>
  <datafield tag="035" ind1=" " ind2=" ">
    <subfield code="a">(DE-600)619424-2</subfield>
  </datafield>
  <datafield tag="035" ind1=" " ind2=" ">
    <subfield code="a">(DE-101)01359009X</subfield>
  </datafield>
  <datafield tag="040" ind1=" " ind2=" ">
    <subfield code="a">9001</subfield>
    <subfield code="b">ger</subfield>
    <subfield code="c">DE-101</subfield>
    <subfield code="d">9001</subfield>
  </datafield>
  <datafield tag="041" ind1=" " ind2=" ">
    <subfield code="a">ger</subfield>
  </datafield>
  <datafield tag="044" ind1=" " ind2=" ">
    <subfield code="c">XA-DE</subfield>
  </datafield>
  <datafield tag="082" ind1="0" ind2="4">
    <subfield code="a">943.5511005</subfield>
    <subfield code="q">DE-101</subfield>
    <subfield code="2">22/ger</subfield>
  </datafield>
  <datafield tag="084" ind1=" " ind2=" ">
    <subfield code="a">8,1</subfield>
    <subfield code="2">ssgn</subfield>
  </datafield>
  <datafield tag="084" ind1=" " ind2=" ">
    <subfield code="a">710</subfield>
    <subfield code="a">330</subfield>
    <subfield code="2">rpb</subfield>
  </datafield>
  <datafield tag="084" ind1=" " ind2=" ">
    <subfield code="a">Eilendorf</subfield>
    <subfield code="0">https://nwbib.de/spatial#Q1304021</subfield>
    <subfield code="2">nwbib</subfield>
  </datafield>
  <datafield tag="084" ind1=" " ind2=" ">
    <subfield code="a">Landesbeschreibungen</subfield>
    <subfield code="0">https://nwbib.de/subjects#N102000</subfield>
    <subfield code="2">nwbib</subfield>
  </datafield>
  <datafield tag="084" ind1=" " ind2=" ">
    <subfield code="8">4\p</subfield>
    <subfield code="a">943</subfield>
    <subfield code="a">914.3</subfield>
    <subfield code="q">DE-101</subfield>
    <subfield code="2">sdnb</subfield>
  </datafield>
  <datafield tag="084" ind1=" " ind2=" ">
    <subfield code="a">914.3</subfield>
    <subfield code="a">943</subfield>
    <subfield code="q">DE-600</subfield>
    <subfield code="2">sdnb</subfield>
  </datafield>
  <datafield tag="245" ind1="0" ind2="0">
    <subfield code="a">Eilendorfer Heimatblätter</subfield>
    <subfield code="b">Jahresschrift des Heimatvereins Eilendorf 1983 e.V.</subfield>
  </datafield>
  <datafield tag="264" ind1="3" ind2="1">
    <subfield code="a">Aachen-Eilendorf</subfield>
    <subfield code="b">Heimatverein</subfield>
    <subfield code="c">1984-</subfield>
  </datafield>
  <datafield tag="336" ind1=" " ind2=" ">
    <subfield code="b">txt</subfield>
  </datafield>
  <datafield tag="337" ind1=" " ind2=" ">
    <subfield code="b">n</subfield>
  </datafield>
  <datafield tag="338" ind1=" " ind2=" ">
    <subfield code="b">nc</subfield>
  </datafield>
  <datafield tag="362" ind1="0" ind2=" ">
    <subfield code="a">1.1983(1984) -</subfield>
  </datafield>
  <datafield tag="363" ind1="0" ind2="1">
    <subfield code="8">1.1\x</subfield>
    <subfield code="a">1</subfield>
    <subfield code="i">1983</subfield>
  </datafield>
  <datafield tag="365" ind1=" " ind2=" ">
    <subfield code="b">kart. (Pr. nicht mitget.), (für Mitglieder kostenlos)</subfield>
  </datafield>
  <datafield tag="689" ind1="0" ind2="0">
    <subfield code="a">Aachen-Eilendorf</subfield>
    <subfield code="D">g</subfield>
    <subfield code="0">(DE-588)4092409-9</subfield>
    <subfield code="0">https://portal.dnb.de/opac.htm?method=simpleSearch&amp;cqlMode=true&amp;query=idn=040924092</subfield>
    <subfield code="0">http://viaf.org/viaf/sourceID/DNB|040924092</subfield>
    <subfield code="B">GND-040924092</subfield>
  </datafield>
  <datafield tag="689" ind1="0" ind2="1">
    <subfield code="a">Heimatkunde</subfield>
    <subfield code="D">s</subfield>
    <subfield code="0">(DE-588)4127794-6</subfield>
    <subfield code="0">https://portal.dnb.de/opac.htm?method=simpleSearch&amp;cqlMode=true&amp;query=idn=041277945</subfield>
    <subfield code="0">http://viaf.org/viaf/sourceID/DNB|041277945</subfield>
    <subfield code="B">GND-041277945</subfield>
  </datafield>
  <datafield tag="689" ind1="0" ind2="2">
    <subfield code="a">Zeitschrift</subfield>
    <subfield code="A">f</subfield>
  </datafield>
  <datafield tag="689" ind1="0" ind2=" ">
    <subfield code="5">DE-6</subfield>
    <subfield code="5">DE-605</subfield>
  </datafield>
  <datafield tag="883" ind1="1" ind2=" ">
    <subfield code="8">2\p</subfield>
    <subfield code="a">gndddc</subfield>
    <subfield code="c">1</subfield>
    <subfield code="d">20190525</subfield>
    <subfield code="q">DE-101</subfield>
    <subfield code="u">https://d-nb.info/provenance/plan#gndddc</subfield>
  </datafield>
  <datafield tag="883" ind1="2" ind2=" ">
    <subfield code="8">4\p</subfield>
    <subfield code="a">dnb</subfield>
    <subfield code="d">20180326</subfield>
    <subfield code="q">DE-101</subfield>
    <subfield code="u">https://d-nb.info/provenance/plan#dnb</subfield>
  </datafield>
  <datafield tag="960" ind1="1" ind2=" ">
    <subfield code="n">NWBib-Zeitschrift-61</subfield>
  </datafield>
  <datafield tag="710" ind1="2" ind2=" ">
    <subfield code="a">Heimatverein Eilendorf 1983</subfield>
    <subfield code="0">(DE-588)2098277-X</subfield>
    <subfield code="4">isb</subfield>
    <subfield code="0">https://portal.dnb.de/opac.htm?method=simpleSearch&amp;cqlMode=true&amp;query=idn=007468946</subfield>
    <subfield code="0">http://viaf.org/viaf/sourceID/DNB|007468946</subfield>
    <subfield code="B">GND-007468946</subfield>
  </datafield>
  <datafield tag="651" ind1=" " ind2="7">
    <subfield code="a">Aachen</subfield>
    <subfield code="2">local</subfield>
  </datafield>
  <datafield tag="655" ind1=" " ind2="7">
    <subfield code="a">Zeitschrift</subfield>
    <subfield code="0">(DE-588)4067488-5</subfield>
    <subfield code="2">gnd-content</subfield>
  </datafield>
  <datafield tag="583" ind1="1" ind2=" ">
    <subfield code="a">Archivierung/Langzeitarchivierung gewährleistet</subfield>
    <subfield code="c">2020</subfield>
    <subfield code="f">PENW</subfield>
    <subfield code="5">DE-5</subfield>
    <subfield code="2">pdager</subfield>
  </datafield>
  <datafield tag="MBD" ind1=" " ind2=" ">
    <subfield code="M">49HBZ_NETWORK</subfield>
    <subfield code="i">990054345550206441</subfield>
    <subfield code="n">HBZ Network</subfield>
  </datafield>
  <datafield tag="MBD" ind1=" " ind2=" ">
    <subfield code="M">49HBZ_BRIDGE_EDK</subfield>
    <subfield code="i">9988836107507</subfield>
    <subfield code="n">Erzbischöfliche Diözesan- und Dombibliothek</subfield>
  </datafield>
  <datafield tag="MBD" ind1=" " ind2=" ">
    <subfield code="M">49HBZ_UBA</subfield>
    <subfield code="i">991009431319706448</subfield>
    <subfield code="n">RWTH Aachen</subfield>
  </datafield>
  <datafield tag="MBD" ind1=" " ind2=" ">
    <subfield code="M">49HBZ_BRIDGE_LBZ</subfield>
    <subfield code="i">99156957707506</subfield>
    <subfield code="n">Rheinische Landesbibliothek Koblenz</subfield>
  </datafield>
  <datafield tag="MBD" ind1=" " ind2=" ">
    <subfield code="M">49HBZ_ULB</subfield>
    <subfield code="i">991024920919706467</subfield>
    <subfield code="n">Universitaet Bonn</subfield>
  </datafield>
  <datafield tag="MBD" ind1=" " ind2=" ">
    <subfield code="M">49HBZ_DUE</subfield>
    <subfield code="i">990005088560206443</subfield>
    <subfield code="n">Universität Düsseldorf</subfield>
  </datafield>
  <datafield tag="MBD" ind1=" " ind2=" ">
    <subfield code="M">49HBZ_UBK</subfield>
    <subfield code="i">991053248119706476</subfield>
    <subfield code="n">Universität Köln</subfield>
  </datafield>
  <datafield tag="MNG" ind1=" " ind2=" ">
    <subfield code="c">ritterr######49HBZ_DUE</subfield>
    <subfield code="f">ZDB</subfield>
    <subfield code="i">marc21</subfield>
    <subfield code="h">20221031150717.0</subfield>
    <subfield code="k">01</subfield>
    <subfield code="e">false</subfield>
    <subfield code="d">2023-05-15 10:56:52 Europe/Berlin</subfield>
    <subfield code="g">005434555-HBZ01</subfield>
    <subfield code="j">60</subfield>
    <subfield code="a">import</subfield>
    <subfield code="b">2021-04-05 15:01:24 Europe/Berlin</subfield>
  </datafield>
  <datafield tag="H52" ind1="8" ind2="1">
    <subfield code="b">BDA01</subfield>
    <subfield code="c">UNASSIGNED</subfield>
    <subfield code="8">2247379360007507</subfield>
  </datafield>
  <datafield tag="HOL" ind1=" " ind2=" ">
    <subfield code="d">2023-05-31 12:12:44</subfield>
    <subfield code="8">2247379360007507</subfield>
    <subfield code="b">2023-05-31 12:12:44</subfield>
    <subfield code="M">49HBZ_BRIDGE_EDK</subfield>
    <subfield code="g">false</subfield>
    <subfield code="a">System</subfield>
    <subfield code="c">System</subfield>
  </datafield>
  <datafield tag="H16" ind1="7" ind2=" ">
    <subfield code="a">619424-2</subfield>
    <subfield code="2">DE-600</subfield>
    <subfield code="8">22246727820006448</subfield>
  </datafield>
  <datafield tag="H35" ind1=" " ind2=" ">
    <subfield code="a">(DE-600)033522928</subfield>
    <subfield code="8">22246727820006448</subfield>
  </datafield>
  <datafield tag="H35" ind1=" " ind2=" ">
    <subfield code="a">(DE-82)033522928-49hbz_uba</subfield>
    <subfield code="8">22246727820006448</subfield>
  </datafield>
  <datafield tag="H92" ind1=" " ind2=" ">
    <subfield code="a">511000-2</subfield>
    <subfield code="d">82</subfield>
    <subfield code="k">NRW</subfield>
    <subfield code="l">a</subfield>
    <subfield code="o">c</subfield>
    <subfield code="8">22246727820006448</subfield>
  </datafield>
  <datafield tag="H52" ind1=" " ind2=" ">
    <subfield code="b">ZB</subfield>
    <subfield code="c">0</subfield>
    <subfield code="8">1</subfield>
    <subfield code="h">Md5099</subfield>
    <subfield code="9">00</subfield>
    <subfield code="x">DE-82</subfield>
    <subfield code="8">22246727820006448</subfield>
  </datafield>
  <datafield tag="H59" ind1="0" ind2="0">
    <subfield code="8">1.1\x</subfield>
    <subfield code="a">3</subfield>
    <subfield code="i">1985</subfield>
    <subfield code="8">22246727820006448</subfield>
  </datafield>
  <datafield tag="H59" ind1="1" ind2="0">
    <subfield code="8">1.2\x</subfield>
    <subfield code="a">23</subfield>
    <subfield code="i">2005</subfield>
    <subfield code="8">22246727820006448</subfield>
  </datafield>
  <datafield tag="H66" ind1="3" ind2="0">
    <subfield code="a">3.1985(1986) - 23.2005(2006)</subfield>
    <subfield code="8">22246727820006448</subfield>
  </datafield>
  <datafield tag="HOL" ind1=" " ind2=" ">
    <subfield code="b">2022-07-20 22:24:40</subfield>
    <subfield code="8">22246727820006448</subfield>
    <subfield code="M">49HBZ_UBA</subfield>
    <subfield code="g">false</subfield>
    <subfield code="a">import</subfield>
  </datafield>
  <datafield tag="H16" ind1="7" ind2=" ">
    <subfield code="a">619424-2</subfield>
    <subfield code="2">DE-600</subfield>
    <subfield code="8">22246727830006448</subfield>
  </datafield>
  <datafield tag="H35" ind1=" " ind2=" ">
    <subfield code="a">(DE-600)148530877</subfield>
    <subfield code="8">22246727830006448</subfield>
  </datafield>
  <datafield tag="H35" ind1=" " ind2=" ">
    <subfield code="a">(DE-82)148530877-49hbz_uba</subfield>
    <subfield code="8">22246727830006448</subfield>
  </datafield>
  <datafield tag="H92" ind1=" " ind2=" ">
    <subfield code="a">511000-2</subfield>
    <subfield code="d">82</subfield>
    <subfield code="k">NRW</subfield>
    <subfield code="l">a</subfield>
    <subfield code="o">c</subfield>
    <subfield code="8">22246727830006448</subfield>
  </datafield>
  <datafield tag="H52" ind1="8" ind2=" ">
    <subfield code="b">ZB</subfield>
    <subfield code="c">0</subfield>
    <subfield code="8">2</subfield>
    <subfield code="h">Einzelsign.</subfield>
    <subfield code="9">00</subfield>
    <subfield code="x">DE-82</subfield>
    <subfield code="8">22246727830006448</subfield>
  </datafield>
  <datafield tag="H59" ind1="0" ind2="1">
    <subfield code="8">1.1\x</subfield>
    <subfield code="a">25/26</subfield>
    <subfield code="i">2007/08</subfield>
    <subfield code="8">22246727830006448</subfield>
  </datafield>
  <datafield tag="H66" ind1="3" ind2="0">
    <subfield code="a">25/26.2007/08(2008) -</subfield>
    <subfield code="8">22246727830006448</subfield>
  </datafield>
  <datafield tag="HOL" ind1=" " ind2=" ">
    <subfield code="d">2023-08-28 09:29:59</subfield>
    <subfield code="8">22246727830006448</subfield>
    <subfield code="b">2022-07-20 22:24:40</subfield>
    <subfield code="M">49HBZ_UBA</subfield>
    <subfield code="g">false</subfield>
    <subfield code="a">import</subfield>
    <subfield code="c">UBID-VLMDH73K</subfield>
  </datafield>
  <datafield tag="ITM" ind1=" " ind2=" ">
    <subfield code="H">22246727830006448</subfield>
    <subfield code="x">0</subfield>
    <subfield code="f">ISSUE</subfield>
    <subfield code="v">0</subfield>
    <subfield code="X">UBID-VLMDH73K</subfield>
    <subfield code="Y">2023-08-28 11:29:58 Europe/Berlin</subfield>
    <subfield code="i">34</subfield>
    <subfield code="k">2022</subfield>
    <subfield code="M">49HBZ_UBA</subfield>
    <subfield code="s">0</subfield>
    <subfield code="d">8</subfield>
    <subfield code="V">UBID-VLMDH73K</subfield>
    <subfield code="a">23312187860006448</subfield>
    <subfield code="c">Einzelsign.</subfield>
    <subfield code="r">ACQ</subfield>
    <subfield code="q">Bd.34(2022)</subfield>
    <subfield code="W">2023-08-28 11:29:58 Europe/Berlin</subfield>
    <subfield code="u">ZB</subfield>
    <subfield code="w">ZB</subfield>
  </datafield>
  <datafield tag="H16" ind1="7" ind2=" ">
    <subfield code="a">619424-2</subfield>
    <subfield code="2">DE-600</subfield>
    <subfield code="8">2275368700007506</subfield>
  </datafield>
  <datafield tag="H35" ind1=" " ind2=" ">
    <subfield code="a">(DE-600)327993936</subfield>
    <subfield code="8">2275368700007506</subfield>
  </datafield>
  <datafield tag="H92" ind1=" " ind2=" ">
    <subfield code="a">540100-8</subfield>
    <subfield code="8">2275368700007506</subfield>
  </datafield>
  <datafield tag="H52" ind1="8" ind2="1">
    <subfield code="t">1</subfield>
    <subfield code="c">kA</subfield>
    <subfield code="a">DE-929</subfield>
    <subfield code="h">Z 5354</subfield>
    <subfield code="8">1</subfield>
    <subfield code="b">R0001</subfield>
    <subfield code="8">2275368700007506</subfield>
  </datafield>
  <datafield tag="H59" ind1="1" ind2="0">
    <subfield code="8">1.2\x</subfield>
    <subfield code="i">1993</subfield>
    <subfield code="a">11</subfield>
    <subfield code="i">2005</subfield>
    <subfield code="a">23</subfield>
    <subfield code="8">2275368700007506</subfield>
  </datafield>
  <datafield tag="H59" ind1="0" ind2="0">
    <subfield code="8">1.1\x</subfield>
    <subfield code="a">1</subfield>
    <subfield code="i">1983</subfield>
    <subfield code="a">13</subfield>
    <subfield code="i">1995</subfield>
    <subfield code="8">2275368700007506</subfield>
  </datafield>
  <datafield tag="H66" ind1="3" ind2="0">
    <subfield code="a">1.1983(1984) - 11.1993(1994); 13.1995(1996) - 23.2005(2006)</subfield>
    <subfield code="8">2275368700007506</subfield>
  </datafield>
  <datafield tag="H66" ind1=" " ind2="0">
    <subfield code="z">Dauerleihgabe WGfF</subfield>
    <subfield code="8">2275368700007506</subfield>
  </datafield>
  <datafield tag="HOL" ind1=" " ind2=" ">
    <subfield code="d">2023-05-31 12:10:59</subfield>
    <subfield code="8">2275368700007506</subfield>
    <subfield code="b">2023-05-31 12:10:59</subfield>
    <subfield code="M">49HBZ_BRIDGE_LBZ</subfield>
    <subfield code="g">false</subfield>
    <subfield code="a">System</subfield>
    <subfield code="c">System</subfield>
  </datafield>
  <datafield tag="H16" ind1="7" ind2=" ">
    <subfield code="a">619424-2</subfield>
    <subfield code="2">DE-600</subfield>
    <subfield code="8">22214232350006467</subfield>
  </datafield>
  <datafield tag="H35" ind1=" " ind2=" ">
    <subfield code="a">(DE-600)033522898</subfield>
    <subfield code="8">22214232350006467</subfield>
  </datafield>
  <datafield tag="H35" ind1=" " ind2=" ">
    <subfield code="a">(DE-5)033522898-49hbz_ulb</subfield>
    <subfield code="8">22214232350006467</subfield>
  </datafield>
  <datafield tag="H92" ind1=" " ind2=" ">
    <subfield code="a">531000-3</subfield>
    <subfield code="d">5</subfield>
    <subfield code="k">NRW</subfield>
    <subfield code="l">a</subfield>
    <subfield code="o">b</subfield>
    <subfield code="y">90-ff</subfield>
    <subfield code="8">22214232350006467</subfield>
  </datafield>
  <datafield tag="H52" ind1="8" ind2="1">
    <subfield code="b">0</subfield>
    <subfield code="c">0-Mag</subfield>
    <subfield code="8">1</subfield>
    <subfield code="h">Z 95/130</subfield>
    <subfield code="9">00</subfield>
    <subfield code="x">DE-5</subfield>
    <subfield code="8">22214232350006467</subfield>
  </datafield>
  <datafield tag="H59" ind1="0" ind2="0">
    <subfield code="8">1.1\x</subfield>
    <subfield code="a">1</subfield>
    <subfield code="i">1983</subfield>
    <subfield code="8">22214232350006467</subfield>
  </datafield>
  <datafield tag="H59" ind1="1" ind2="0">
    <subfield code="8">1.2\x</subfield>
    <subfield code="a">18</subfield>
    <subfield code="i">2000</subfield>
    <subfield code="8">22214232350006467</subfield>
  </datafield>
  <datafield tag="H59" ind1="0" ind2="1">
    <subfield code="8">2.1\x</subfield>
    <subfield code="a">19/20</subfield>
    <subfield code="i">2001/02</subfield>
    <subfield code="8">22214232350006467</subfield>
  </datafield>
  <datafield tag="H66" ind1="3" ind2="0">
    <subfield code="a">1.1983(1985) - 18.2000(2002); 19/20.2001/02(2003) -</subfield>
    <subfield code="8">22214232350006467</subfield>
  </datafield>
  <datafield tag="H66" ind1=" " ind2="0">
    <subfield code="z">1.1983(1985); 2.1984(1987); 4.1986(1989) als 2. Aufl.; 3.1985(1989) als 3. Aufl. vorhanden</subfield>
    <subfield code="8">22214232350006467</subfield>
  </datafield>
  <datafield tag="HOL" ind1=" " ind2=" ">
    <subfield code="b">2023-07-24 06:14:31</subfield>
    <subfield code="8">22214232350006467</subfield>
    <subfield code="M">49HBZ_ULB</subfield>
    <subfield code="g">false</subfield>
    <subfield code="a">import</subfield>
  </datafield>
  <datafield tag="H16" ind1="7" ind2=" ">
    <subfield code="a">619424-2</subfield>
    <subfield code="2">DE-600</subfield>
    <subfield code="8">22214232360006467</subfield>
  </datafield>
  <datafield tag="H35" ind1=" " ind2=" ">
    <subfield code="a">(DE-600)316013730</subfield>
    <subfield code="8">22214232360006467</subfield>
  </datafield>
  <datafield tag="H35" ind1=" " ind2=" ">
    <subfield code="a">(DE-5)316013730-49hbz_ulb</subfield>
    <subfield code="8">22214232360006467</subfield>
  </datafield>
  <datafield tag="H92" ind1=" " ind2=" ">
    <subfield code="a">531000-3</subfield>
    <subfield code="d">5</subfield>
    <subfield code="k">NRW</subfield>
    <subfield code="l">a</subfield>
    <subfield code="o">b</subfield>
    <subfield code="y">90</subfield>
    <subfield code="8">22214232360006467</subfield>
  </datafield>
  <datafield tag="H52" ind1="8" ind2="1">
    <subfield code="b">0</subfield>
    <subfield code="c">0-Mag</subfield>
    <subfield code="8">2</subfield>
    <subfield code="h">Z 95/130</subfield>
    <subfield code="9">00</subfield>
    <subfield code="x">DE-5</subfield>
    <subfield code="t">3</subfield>
    <subfield code="8">22214232360006467</subfield>
  </datafield>
  <datafield tag="H66" ind1="3" ind2="0">
    <subfield code="9">- CD-Beil. zu</subfield>
    <subfield code="8">22214232360006467</subfield>
  </datafield>
  <datafield tag="H66" ind1="3" ind2="0">
    <subfield code="a">30/31.2013/14</subfield>
    <subfield code="8">22214232360006467</subfield>
  </datafield>
  <datafield tag="HOL" ind1=" " ind2=" ">
    <subfield code="b">2023-07-24 06:14:31</subfield>
    <subfield code="8">22214232360006467</subfield>
    <subfield code="M">49HBZ_ULB</subfield>
    <subfield code="g">false</subfield>
    <subfield code="a">import</subfield>
  </datafield>
  <datafield tag="H16" ind1="7" ind2=" ">
    <subfield code="a">619424-2</subfield>
    <subfield code="2">DE-600</subfield>
    <subfield code="8">22317763890006443</subfield>
  </datafield>
  <datafield tag="H35" ind1=" " ind2=" ">
    <subfield code="a">(DE-600)03352291X</subfield>
    <subfield code="8">22317763890006443</subfield>
  </datafield>
  <datafield tag="H92" ind1=" " ind2=" ">
    <subfield code="a">401000-0</subfield>
    <subfield code="k">NRW</subfield>
    <subfield code="l">a</subfield>
    <subfield code="o">b</subfield>
    <subfield code="p">x</subfield>
    <subfield code="8">22317763890006443</subfield>
  </datafield>
  <datafield tag="H52" ind1="8" ind2="1">
    <subfield code="a">DE-61</subfield>
    <subfield code="b">X0001</subfield>
    <subfield code="c">93L</subfield>
    <subfield code="h">rei z 3</subfield>
    <subfield code="8">1</subfield>
    <subfield code="8">22317763890006443</subfield>
  </datafield>
  <datafield tag="H59" ind1="0" ind2="1">
    <subfield code="8">1.1\x</subfield>
    <subfield code="a">4</subfield>
    <subfield code="i">1986</subfield>
    <subfield code="8">22317763890006443</subfield>
  </datafield>
  <datafield tag="H66" ind1="3" ind2="0">
    <subfield code="a">4.1986 -</subfield>
    <subfield code="8">22317763890006443</subfield>
  </datafield>
  <datafield tag="HOL" ind1=" " ind2=" ">
    <subfield code="d">2022-01-12 11:13:09</subfield>
    <subfield code="8">22317763890006443</subfield>
    <subfield code="b">2021-04-01 13:09:27</subfield>
    <subfield code="M">49HBZ_DUE</subfield>
    <subfield code="g">false</subfield>
    <subfield code="a">import</subfield>
    <subfield code="c">BEHRENM</subfield>
  </datafield>
  <datafield tag="ITM" ind1=" " ind2=" ">
    <subfield code="H">22317763890006443</subfield>
    <subfield code="x">93L</subfield>
    <subfield code="f">ISSBD</subfield>
    <subfield code="v">93L</subfield>
    <subfield code="p">33</subfield>
    <subfield code="X">BEHRENM</subfield>
    <subfield code="U">2003-12-01 11:59:00 Europe/Berlin</subfield>
    <subfield code="Y">2022-01-12 12:13:05 Europe/Berlin</subfield>
    <subfield code="h">false</subfield>
    <subfield code="e">00001</subfield>
    <subfield code="n">rei/z0003</subfield>
    <subfield code="P">12/d/n/1</subfield>
    <subfield code="j">1</subfield>
    <subfield code="i">19</subfield>
    <subfield code="k">2001</subfield>
    <subfield code="M">49HBZ_DUE</subfield>
    <subfield code="s">1</subfield>
    <subfield code="d">8</subfield>
    <subfield code="V">import</subfield>
    <subfield code="b">497335801</subfield>
    <subfield code="a">23317763870006443</subfield>
    <subfield code="t">8</subfield>
    <subfield code="c">rei z 3</subfield>
    <subfield code="D">20031201</subfield>
    <subfield code="q">19/20.2001/2002</subfield>
    <subfield code="W">2002-12-06 01:00:00 Europe/Berlin</subfield>
    <subfield code="u">X0001</subfield>
    <subfield code="w">X0001</subfield>
  </datafield>
  <datafield tag="ITM" ind1=" " ind2=" ">
    <subfield code="H">22317763890006443</subfield>
    <subfield code="x">93L</subfield>
    <subfield code="f">ISSBD</subfield>
    <subfield code="v">93L</subfield>
    <subfield code="p">33</subfield>
    <subfield code="X">BEHRENM</subfield>
    <subfield code="U">2002-05-02 12:59:00 Europe/Berlin</subfield>
    <subfield code="Y">2022-01-12 12:13:05 Europe/Berlin</subfield>
    <subfield code="h">false</subfield>
    <subfield code="e">00001</subfield>
    <subfield code="n">rei/z0003</subfield>
    <subfield code="j">1</subfield>
    <subfield code="i">18</subfield>
    <subfield code="k">2000</subfield>
    <subfield code="M">49HBZ_DUE</subfield>
    <subfield code="s">1</subfield>
    <subfield code="d">8</subfield>
    <subfield code="V">import</subfield>
    <subfield code="b">497047701</subfield>
    <subfield code="a">23317763880006443</subfield>
    <subfield code="t">8</subfield>
    <subfield code="c">rei z 3</subfield>
    <subfield code="q">18.2000</subfield>
    <subfield code="W">2002-12-06 01:00:00 Europe/Berlin</subfield>
    <subfield code="u">X0001</subfield>
    <subfield code="w">X0001</subfield>
  </datafield>
  <datafield tag="ITM" ind1=" " ind2=" ">
    <subfield code="H">22317763890006443</subfield>
    <subfield code="x">93L</subfield>
    <subfield code="f">ISSBD</subfield>
    <subfield code="v">93L</subfield>
    <subfield code="p">33</subfield>
    <subfield code="X">BEHRENM</subfield>
    <subfield code="U">2000-01-01 11:59:00 Europe/Berlin</subfield>
    <subfield code="Y">2022-01-12 12:13:05 Europe/Berlin</subfield>
    <subfield code="h">false</subfield>
    <subfield code="n">rei/z0003</subfield>
    <subfield code="i">5</subfield>
    <subfield code="k">1987</subfield>
    <subfield code="M">49HBZ_DUE</subfield>
    <subfield code="s">1</subfield>
    <subfield code="d">8</subfield>
    <subfield code="V">import</subfield>
    <subfield code="a">23317763720006443</subfield>
    <subfield code="t">8</subfield>
    <subfield code="c">rei z 3</subfield>
    <subfield code="q">5.1987</subfield>
    <subfield code="W">2016-03-08 01:00:00 Europe/Berlin</subfield>
    <subfield code="u">X0001</subfield>
    <subfield code="w">X0001</subfield>
  </datafield>
  <datafield tag="ITM" ind1=" " ind2=" ">
    <subfield code="H">22317763890006443</subfield>
    <subfield code="x">93L</subfield>
    <subfield code="f">ISSBD</subfield>
    <subfield code="v">93L</subfield>
    <subfield code="p">33</subfield>
    <subfield code="X">BEHRENM</subfield>
    <subfield code="U">2013-07-08 12:59:00 Europe/Berlin</subfield>
    <subfield code="Y">2022-01-12 12:13:05 Europe/Berlin</subfield>
    <subfield code="h">false</subfield>
    <subfield code="e">00001</subfield>
    <subfield code="n">rei/z0003</subfield>
    <subfield code="P">12/d/n/1</subfield>
    <subfield code="j">1</subfield>
    <subfield code="i">28</subfield>
    <subfield code="k">2010</subfield>
    <subfield code="M">49HBZ_DUE</subfield>
    <subfield code="s">1</subfield>
    <subfield code="d">8</subfield>
    <subfield code="V">import</subfield>
    <subfield code="b">496523801</subfield>
    <subfield code="a">23317763800006443</subfield>
    <subfield code="t">8</subfield>
    <subfield code="c">rei z 3</subfield>
    <subfield code="D">20130708</subfield>
    <subfield code="q">28.2010</subfield>
    <subfield code="W">2011-07-08 02:00:00 Europe/Berlin</subfield>
    <subfield code="u">X0001</subfield>
    <subfield code="w">X0001</subfield>
  </datafield>
  <datafield tag="ITM" ind1=" " ind2=" ">
    <subfield code="H">22317763890006443</subfield>
    <subfield code="x">93L</subfield>
    <subfield code="f">ISSBD</subfield>
    <subfield code="v">93L</subfield>
    <subfield code="p">33</subfield>
    <subfield code="X">BEHRENM</subfield>
    <subfield code="U">2011-07-08 12:59:00 Europe/Berlin</subfield>
    <subfield code="Y">2022-01-12 12:13:05 Europe/Berlin</subfield>
    <subfield code="h">false</subfield>
    <subfield code="e">00001</subfield>
    <subfield code="n">rei/z0003</subfield>
    <subfield code="P">12/d/n/1</subfield>
    <subfield code="j">1</subfield>
    <subfield code="i">27</subfield>
    <subfield code="k">2009</subfield>
    <subfield code="M">49HBZ_DUE</subfield>
    <subfield code="s">1</subfield>
    <subfield code="d">8</subfield>
    <subfield code="V">import</subfield>
    <subfield code="b">496976701</subfield>
    <subfield code="a">23317763810006443</subfield>
    <subfield code="t">8</subfield>
    <subfield code="c">rei z 3</subfield>
    <subfield code="D">20110708</subfield>
    <subfield code="q">27.2009</subfield>
    <subfield code="W">2009-12-08 01:00:00 Europe/Berlin</subfield>
    <subfield code="u">X0001</subfield>
    <subfield code="w">X0001</subfield>
  </datafield>
  <datafield tag="ITM" ind1=" " ind2=" ">
    <subfield code="H">22317763890006443</subfield>
    <subfield code="x">93L</subfield>
    <subfield code="f">ISSBD</subfield>
    <subfield code="v">93L</subfield>
    <subfield code="p">33</subfield>
    <subfield code="X">BEHRENM</subfield>
    <subfield code="U">2000-01-01 11:59:00 Europe/Berlin</subfield>
    <subfield code="Y">2022-01-12 12:13:05 Europe/Berlin</subfield>
    <subfield code="h">false</subfield>
    <subfield code="n">rei/z0003</subfield>
    <subfield code="i">6</subfield>
    <subfield code="k">1988</subfield>
    <subfield code="M">49HBZ_DUE</subfield>
    <subfield code="s">1</subfield>
    <subfield code="d">8</subfield>
    <subfield code="V">import</subfield>
    <subfield code="a">23317763710006443</subfield>
    <subfield code="t">8</subfield>
    <subfield code="c">rei z 3</subfield>
    <subfield code="q">6.1988</subfield>
    <subfield code="W">2016-03-08 01:00:00 Europe/Berlin</subfield>
    <subfield code="u">X0001</subfield>
    <subfield code="w">X0001</subfield>
  </datafield>
  <datafield tag="ITM" ind1=" " ind2=" ">
    <subfield code="H">22317763890006443</subfield>
    <subfield code="x">93L</subfield>
    <subfield code="f">ISSBD</subfield>
    <subfield code="v">93L</subfield>
    <subfield code="p">33</subfield>
    <subfield code="X">BEHRENM</subfield>
    <subfield code="U">2000-01-01 11:59:00 Europe/Berlin</subfield>
    <subfield code="Y">2022-01-12 12:13:05 Europe/Berlin</subfield>
    <subfield code="h">false</subfield>
    <subfield code="n">rei/z0003</subfield>
    <subfield code="i">16</subfield>
    <subfield code="k">1998</subfield>
    <subfield code="M">49HBZ_DUE</subfield>
    <subfield code="s">1</subfield>
    <subfield code="d">8</subfield>
    <subfield code="V">import</subfield>
    <subfield code="a">23317763610006443</subfield>
    <subfield code="t">8</subfield>
    <subfield code="c">rei z 3</subfield>
    <subfield code="q">16.1998</subfield>
    <subfield code="W">2016-03-08 01:00:00 Europe/Berlin</subfield>
    <subfield code="u">X0001</subfield>
    <subfield code="w">X0001</subfield>
  </datafield>
  <datafield tag="ITM" ind1=" " ind2=" ">
    <subfield code="H">22317763890006443</subfield>
    <subfield code="x">93L</subfield>
    <subfield code="f">ISSBD</subfield>
    <subfield code="v">93L</subfield>
    <subfield code="p">33</subfield>
    <subfield code="X">BEHRENM</subfield>
    <subfield code="U">2000-01-01 11:59:00 Europe/Berlin</subfield>
    <subfield code="Y">2022-01-12 12:13:05 Europe/Berlin</subfield>
    <subfield code="h">false</subfield>
    <subfield code="n">rei/z0003</subfield>
    <subfield code="i">13</subfield>
    <subfield code="k">1995</subfield>
    <subfield code="M">49HBZ_DUE</subfield>
    <subfield code="s">1</subfield>
    <subfield code="d">8</subfield>
    <subfield code="V">import</subfield>
    <subfield code="a">23317763640006443</subfield>
    <subfield code="t">8</subfield>
    <subfield code="c">rei z 3</subfield>
    <subfield code="q">13.1995</subfield>
    <subfield code="W">2016-03-08 01:00:00 Europe/Berlin</subfield>
    <subfield code="u">X0001</subfield>
    <subfield code="w">X0001</subfield>
  </datafield>
  <datafield tag="ITM" ind1=" " ind2=" ">
    <subfield code="H">22317763890006443</subfield>
    <subfield code="x">93L</subfield>
    <subfield code="f">ISSBD</subfield>
    <subfield code="v">93L</subfield>
    <subfield code="p">33</subfield>
    <subfield code="X">BEHRENM</subfield>
    <subfield code="U">2000-01-01 11:59:00 Europe/Berlin</subfield>
    <subfield code="Y">2022-01-12 12:13:05 Europe/Berlin</subfield>
    <subfield code="h">false</subfield>
    <subfield code="n">rei/z0003</subfield>
    <subfield code="i">14</subfield>
    <subfield code="k">1996</subfield>
    <subfield code="M">49HBZ_DUE</subfield>
    <subfield code="s">1</subfield>
    <subfield code="d">8</subfield>
    <subfield code="V">import</subfield>
    <subfield code="a">23317763630006443</subfield>
    <subfield code="t">8</subfield>
    <subfield code="c">rei z 3</subfield>
    <subfield code="q">14.1996</subfield>
    <subfield code="W">2016-03-08 01:00:00 Europe/Berlin</subfield>
    <subfield code="u">X0001</subfield>
    <subfield code="w">X0001</subfield>
  </datafield>
  <datafield tag="ITM" ind1=" " ind2=" ">
    <subfield code="H">22317763890006443</subfield>
    <subfield code="x">93L</subfield>
    <subfield code="f">ISSBD</subfield>
    <subfield code="v">93L</subfield>
    <subfield code="p">33</subfield>
    <subfield code="X">BEHRENM</subfield>
    <subfield code="U">2000-01-01 11:59:00 Europe/Berlin</subfield>
    <subfield code="Y">2022-01-12 12:13:05 Europe/Berlin</subfield>
    <subfield code="h">false</subfield>
    <subfield code="n">rei/z0003</subfield>
    <subfield code="i">15</subfield>
    <subfield code="k">1997</subfield>
    <subfield code="M">49HBZ_DUE</subfield>
    <subfield code="s">1</subfield>
    <subfield code="d">8</subfield>
    <subfield code="V">import</subfield>
    <subfield code="a">23317763620006443</subfield>
    <subfield code="t">8</subfield>
    <subfield code="c">rei z 3</subfield>
    <subfield code="q">15.1997</subfield>
    <subfield code="W">2016-03-08 01:00:00 Europe/Berlin</subfield>
    <subfield code="u">X0001</subfield>
    <subfield code="w">X0001</subfield>
  </datafield>
  <datafield tag="ITM" ind1=" " ind2=" ">
    <subfield code="H">22317763890006443</subfield>
    <subfield code="x">93L</subfield>
    <subfield code="f">ISSBD</subfield>
    <subfield code="v">93L</subfield>
    <subfield code="p">33</subfield>
    <subfield code="X">BEHRENM</subfield>
    <subfield code="U">2000-01-01 11:59:00 Europe/Berlin</subfield>
    <subfield code="Y">2022-01-12 12:13:05 Europe/Berlin</subfield>
    <subfield code="h">false</subfield>
    <subfield code="n">rei/z0003</subfield>
    <subfield code="i">12</subfield>
    <subfield code="k">1994</subfield>
    <subfield code="M">49HBZ_DUE</subfield>
    <subfield code="s">1</subfield>
    <subfield code="d">8</subfield>
    <subfield code="V">import</subfield>
    <subfield code="a">23317763650006443</subfield>
    <subfield code="t">8</subfield>
    <subfield code="c">rei z 3</subfield>
    <subfield code="q">12.1994</subfield>
    <subfield code="W">2016-03-08 01:00:00 Europe/Berlin</subfield>
    <subfield code="u">X0001</subfield>
    <subfield code="w">X0001</subfield>
  </datafield>
  <datafield tag="ITM" ind1=" " ind2=" ">
    <subfield code="H">22317763890006443</subfield>
    <subfield code="x">93L</subfield>
    <subfield code="f">ISSBD</subfield>
    <subfield code="v">93L</subfield>
    <subfield code="p">33</subfield>
    <subfield code="X">BEHRENM</subfield>
    <subfield code="U">2000-01-01 11:59:00 Europe/Berlin</subfield>
    <subfield code="Y">2022-01-12 12:13:05 Europe/Berlin</subfield>
    <subfield code="h">false</subfield>
    <subfield code="n">rei/z0003</subfield>
    <subfield code="i">11</subfield>
    <subfield code="k">1993</subfield>
    <subfield code="M">49HBZ_DUE</subfield>
    <subfield code="s">1</subfield>
    <subfield code="d">8</subfield>
    <subfield code="V">import</subfield>
    <subfield code="a">23317763660006443</subfield>
    <subfield code="t">8</subfield>
    <subfield code="c">rei z 3</subfield>
    <subfield code="q">11.1993</subfield>
    <subfield code="W">2016-03-08 01:00:00 Europe/Berlin</subfield>
    <subfield code="u">X0001</subfield>
    <subfield code="w">X0001</subfield>
  </datafield>
  <datafield tag="ITM" ind1=" " ind2=" ">
    <subfield code="H">22317763890006443</subfield>
    <subfield code="x">93L</subfield>
    <subfield code="f">ISSBD</subfield>
    <subfield code="v">93L</subfield>
    <subfield code="p">33</subfield>
    <subfield code="X">BEHRENM</subfield>
    <subfield code="U">2000-01-01 11:59:00 Europe/Berlin</subfield>
    <subfield code="Y">2022-01-12 12:13:05 Europe/Berlin</subfield>
    <subfield code="h">false</subfield>
    <subfield code="n">rei/z0003</subfield>
    <subfield code="i">10</subfield>
    <subfield code="k">1992</subfield>
    <subfield code="M">49HBZ_DUE</subfield>
    <subfield code="s">1</subfield>
    <subfield code="d">8</subfield>
    <subfield code="V">import</subfield>
    <subfield code="a">23317763670006443</subfield>
    <subfield code="t">8</subfield>
    <subfield code="c">rei z 3</subfield>
    <subfield code="q">10.1992</subfield>
    <subfield code="W">2016-03-08 01:00:00 Europe/Berlin</subfield>
    <subfield code="u">X0001</subfield>
    <subfield code="w">X0001</subfield>
  </datafield>
  <datafield tag="ITM" ind1=" " ind2=" ">
    <subfield code="H">22317763890006443</subfield>
    <subfield code="x">93L</subfield>
    <subfield code="f">ISSBD</subfield>
    <subfield code="v">93L</subfield>
    <subfield code="p">33</subfield>
    <subfield code="X">BEHRENM</subfield>
    <subfield code="U">2006-12-11 11:59:00 Europe/Berlin</subfield>
    <subfield code="Y">2022-01-12 12:13:05 Europe/Berlin</subfield>
    <subfield code="h">false</subfield>
    <subfield code="e">00001</subfield>
    <subfield code="n">rei/z0003</subfield>
    <subfield code="P">12/d/n/1</subfield>
    <subfield code="j">1</subfield>
    <subfield code="i">23</subfield>
    <subfield code="k">2005</subfield>
    <subfield code="M">49HBZ_DUE</subfield>
    <subfield code="s">1</subfield>
    <subfield code="d">8</subfield>
    <subfield code="V">import</subfield>
    <subfield code="b">496805001</subfield>
    <subfield code="a">23317763840006443</subfield>
    <subfield code="t">8</subfield>
    <subfield code="c">rei z 3</subfield>
    <subfield code="D">20061211</subfield>
    <subfield code="q">23.2005</subfield>
    <subfield code="W">2005-08-23 02:00:00 Europe/Berlin</subfield>
    <subfield code="u">X0001</subfield>
    <subfield code="w">X0001</subfield>
  </datafield>
  <datafield tag="ITM" ind1=" " ind2=" ">
    <subfield code="H">22317763890006443</subfield>
    <subfield code="x">93L</subfield>
    <subfield code="f">ISSBD</subfield>
    <subfield code="v">93L</subfield>
    <subfield code="p">33</subfield>
    <subfield code="X">BEHRENM</subfield>
    <subfield code="U">2017-09-14 12:59:00 Europe/Berlin</subfield>
    <subfield code="Y">2022-01-12 12:13:05 Europe/Berlin</subfield>
    <subfield code="h">false</subfield>
    <subfield code="e">00001</subfield>
    <subfield code="n">rei/z0003</subfield>
    <subfield code="P">12/d/n/1</subfield>
    <subfield code="j">1</subfield>
    <subfield code="i">31</subfield>
    <subfield code="k">2013</subfield>
    <subfield code="M">49HBZ_DUE</subfield>
    <subfield code="s">1</subfield>
    <subfield code="d">8</subfield>
    <subfield code="V">import</subfield>
    <subfield code="L">rei/z0003  /  B        /Anfr.28.8.17sa</subfield>
    <subfield code="a">23317763750006443</subfield>
    <subfield code="t">8</subfield>
    <subfield code="c">rei z 3</subfield>
    <subfield code="D">20170914</subfield>
    <subfield code="q">30/31.2013/2014 m. CD</subfield>
    <subfield code="W">2013-07-08 02:00:00 Europe/Berlin</subfield>
    <subfield code="u">X0001</subfield>
    <subfield code="w">X0001</subfield>
  </datafield>
  <datafield tag="ITM" ind1=" " ind2=" ">
    <subfield code="H">22317763890006443</subfield>
    <subfield code="x">93L</subfield>
    <subfield code="f">ISSBD</subfield>
    <subfield code="v">93L</subfield>
    <subfield code="p">33</subfield>
    <subfield code="X">BEHRENM</subfield>
    <subfield code="U">2007-12-21 11:59:00 Europe/Berlin</subfield>
    <subfield code="Y">2022-01-12 12:13:05 Europe/Berlin</subfield>
    <subfield code="h">false</subfield>
    <subfield code="e">00001</subfield>
    <subfield code="n">rei/z0003</subfield>
    <subfield code="P">12/d/n/1</subfield>
    <subfield code="j">1</subfield>
    <subfield code="i">24</subfield>
    <subfield code="k">2006</subfield>
    <subfield code="M">49HBZ_DUE</subfield>
    <subfield code="s">1</subfield>
    <subfield code="d">8</subfield>
    <subfield code="V">import</subfield>
    <subfield code="b">496725001</subfield>
    <subfield code="a">23317763830006443</subfield>
    <subfield code="t">8</subfield>
    <subfield code="c">rei z 3</subfield>
    <subfield code="D">20071221</subfield>
    <subfield code="q">24.2006</subfield>
    <subfield code="W">2007-07-09 02:00:00 Europe/Berlin</subfield>
    <subfield code="u">X0001</subfield>
    <subfield code="w">X0001</subfield>
  </datafield>
  <datafield tag="ITM" ind1=" " ind2=" ">
    <subfield code="H">22317763890006443</subfield>
    <subfield code="x">93L</subfield>
    <subfield code="f">ISSBD</subfield>
    <subfield code="v">93L</subfield>
    <subfield code="p">33</subfield>
    <subfield code="X">BEHRENM</subfield>
    <subfield code="U">2005-11-17 11:59:00 Europe/Berlin</subfield>
    <subfield code="Y">2022-01-12 12:13:05 Europe/Berlin</subfield>
    <subfield code="h">false</subfield>
    <subfield code="e">00001</subfield>
    <subfield code="n">rei/z0003</subfield>
    <subfield code="P">12/d/n/1</subfield>
    <subfield code="j">1</subfield>
    <subfield code="i">22</subfield>
    <subfield code="k">2004</subfield>
    <subfield code="M">49HBZ_DUE</subfield>
    <subfield code="s">1</subfield>
    <subfield code="d">8</subfield>
    <subfield code="V">import</subfield>
    <subfield code="b">497056301</subfield>
    <subfield code="a">23317763850006443</subfield>
    <subfield code="t">8</subfield>
    <subfield code="c">rei z 3</subfield>
    <subfield code="D">20051117</subfield>
    <subfield code="q">22.2004</subfield>
    <subfield code="W">2004-12-06 01:00:00 Europe/Berlin</subfield>
    <subfield code="u">X0001</subfield>
    <subfield code="w">X0001</subfield>
  </datafield>
  <datafield tag="ITM" ind1=" " ind2=" ">
    <subfield code="H">22317763890006443</subfield>
    <subfield code="x">93L</subfield>
    <subfield code="f">ISSBD</subfield>
    <subfield code="v">93L</subfield>
    <subfield code="p">33</subfield>
    <subfield code="X">BEHRENM</subfield>
    <subfield code="U">2000-01-01 11:59:00 Europe/Berlin</subfield>
    <subfield code="Y">2022-01-12 12:13:05 Europe/Berlin</subfield>
    <subfield code="h">false</subfield>
    <subfield code="n">rei/z0003</subfield>
    <subfield code="i">7</subfield>
    <subfield code="k">1989</subfield>
    <subfield code="M">49HBZ_DUE</subfield>
    <subfield code="s">1</subfield>
    <subfield code="d">8</subfield>
    <subfield code="V">import</subfield>
    <subfield code="a">23317763700006443</subfield>
    <subfield code="t">8</subfield>
    <subfield code="c">rei z 3</subfield>
    <subfield code="q">7.1989</subfield>
    <subfield code="W">2016-03-08 01:00:00 Europe/Berlin</subfield>
    <subfield code="u">X0001</subfield>
    <subfield code="w">X0001</subfield>
  </datafield>
  <datafield tag="ITM" ind1=" " ind2=" ">
    <subfield code="H">22317763890006443</subfield>
    <subfield code="x">93L</subfield>
    <subfield code="f">ISSBD</subfield>
    <subfield code="v">93L</subfield>
    <subfield code="p">33</subfield>
    <subfield code="X">BEHRENM</subfield>
    <subfield code="U">2000-01-01 11:59:00 Europe/Berlin</subfield>
    <subfield code="Y">2022-01-12 12:13:05 Europe/Berlin</subfield>
    <subfield code="h">false</subfield>
    <subfield code="n">rei/z0003</subfield>
    <subfield code="i">4</subfield>
    <subfield code="k">1986</subfield>
    <subfield code="M">49HBZ_DUE</subfield>
    <subfield code="s">1</subfield>
    <subfield code="d">8</subfield>
    <subfield code="V">import</subfield>
    <subfield code="a">23317763740006443</subfield>
    <subfield code="t">8</subfield>
    <subfield code="c">rei z 3</subfield>
    <subfield code="q">4.1986</subfield>
    <subfield code="W">2016-03-08 01:00:00 Europe/Berlin</subfield>
    <subfield code="u">X0001</subfield>
    <subfield code="w">X0001</subfield>
  </datafield>
  <datafield tag="ITM" ind1=" " ind2=" ">
    <subfield code="H">22317763890006443</subfield>
    <subfield code="x">93L</subfield>
    <subfield code="f">ISSBD</subfield>
    <subfield code="v">93L</subfield>
    <subfield code="p">33</subfield>
    <subfield code="X">BEHRENM</subfield>
    <subfield code="U">2009-12-08 11:59:00 Europe/Berlin</subfield>
    <subfield code="Y">2022-01-12 12:13:05 Europe/Berlin</subfield>
    <subfield code="h">false</subfield>
    <subfield code="e">00001</subfield>
    <subfield code="n">rei/z0003</subfield>
    <subfield code="P">12/d/n/1</subfield>
    <subfield code="j">1</subfield>
    <subfield code="i">25</subfield>
    <subfield code="k">2007</subfield>
    <subfield code="M">49HBZ_DUE</subfield>
    <subfield code="s">1</subfield>
    <subfield code="d">8</subfield>
    <subfield code="V">import</subfield>
    <subfield code="b">496626601</subfield>
    <subfield code="a">23317763820006443</subfield>
    <subfield code="t">8</subfield>
    <subfield code="c">rei z 3</subfield>
    <subfield code="D">20091208</subfield>
    <subfield code="q">25/26.2007/2008</subfield>
    <subfield code="W">2007-12-21 01:00:00 Europe/Berlin</subfield>
    <subfield code="u">X0001</subfield>
    <subfield code="w">X0001</subfield>
  </datafield>
  <datafield tag="ITM" ind1=" " ind2=" ">
    <subfield code="H">22317763890006443</subfield>
    <subfield code="x">93L</subfield>
    <subfield code="f">ISSBD</subfield>
    <subfield code="v">93L</subfield>
    <subfield code="p">33</subfield>
    <subfield code="X">BEHRENM</subfield>
    <subfield code="U">2004-12-06 11:59:00 Europe/Berlin</subfield>
    <subfield code="Y">2022-01-12 12:13:05 Europe/Berlin</subfield>
    <subfield code="h">false</subfield>
    <subfield code="e">00001</subfield>
    <subfield code="n">rei/z0003</subfield>
    <subfield code="P">12/d/n/1</subfield>
    <subfield code="j">1</subfield>
    <subfield code="i">21</subfield>
    <subfield code="k">2003</subfield>
    <subfield code="M">49HBZ_DUE</subfield>
    <subfield code="s">1</subfield>
    <subfield code="d">8</subfield>
    <subfield code="V">import</subfield>
    <subfield code="b">497168401</subfield>
    <subfield code="a">23317763860006443</subfield>
    <subfield code="t">8</subfield>
    <subfield code="c">rei z 3</subfield>
    <subfield code="D">20041206</subfield>
    <subfield code="q">21.2003</subfield>
    <subfield code="W">2004-12-06 01:00:00 Europe/Berlin</subfield>
    <subfield code="u">X0001</subfield>
    <subfield code="w">X0001</subfield>
  </datafield>
  <datafield tag="ITM" ind1=" " ind2=" ">
    <subfield code="H">22317763890006443</subfield>
    <subfield code="x">93L</subfield>
    <subfield code="f">ISSBD</subfield>
    <subfield code="v">93L</subfield>
    <subfield code="p">33</subfield>
    <subfield code="X">BEHRENM</subfield>
    <subfield code="U">2013-07-08 12:59:00 Europe/Berlin</subfield>
    <subfield code="Y">2022-01-12 12:13:05 Europe/Berlin</subfield>
    <subfield code="h">false</subfield>
    <subfield code="e">00001</subfield>
    <subfield code="n">rei/z0003</subfield>
    <subfield code="P">12/d/n/1</subfield>
    <subfield code="j">1</subfield>
    <subfield code="i">29</subfield>
    <subfield code="k">2011</subfield>
    <subfield code="M">49HBZ_DUE</subfield>
    <subfield code="s">1</subfield>
    <subfield code="d">8</subfield>
    <subfield code="V">import</subfield>
    <subfield code="b">496523701</subfield>
    <subfield code="a">23317763770006443</subfield>
    <subfield code="t">8</subfield>
    <subfield code="c">rei z 3</subfield>
    <subfield code="D">20130708</subfield>
    <subfield code="q">29/30.2011/2012 m. CD</subfield>
    <subfield code="W">2013-07-08 02:00:00 Europe/Berlin</subfield>
    <subfield code="u">X0001</subfield>
    <subfield code="w">X0001</subfield>
  </datafield>
  <datafield tag="ITM" ind1=" " ind2=" ">
    <subfield code="H">22317763890006443</subfield>
    <subfield code="x">93L</subfield>
    <subfield code="f">ISSBD</subfield>
    <subfield code="v">93L</subfield>
    <subfield code="p">33</subfield>
    <subfield code="X">BEHRENM</subfield>
    <subfield code="U">2000-01-01 11:59:00 Europe/Berlin</subfield>
    <subfield code="Y">2022-01-12 12:13:05 Europe/Berlin</subfield>
    <subfield code="h">false</subfield>
    <subfield code="n">rei/z0003</subfield>
    <subfield code="i">8</subfield>
    <subfield code="k">1990</subfield>
    <subfield code="M">49HBZ_DUE</subfield>
    <subfield code="s">1</subfield>
    <subfield code="d">8</subfield>
    <subfield code="V">import</subfield>
    <subfield code="a">23317763690006443</subfield>
    <subfield code="t">8</subfield>
    <subfield code="c">rei z 3</subfield>
    <subfield code="q">8.1990</subfield>
    <subfield code="W">2016-03-08 01:00:00 Europe/Berlin</subfield>
    <subfield code="u">X0001</subfield>
    <subfield code="w">X0001</subfield>
  </datafield>
  <datafield tag="ITM" ind1=" " ind2=" ">
    <subfield code="H">22317763890006443</subfield>
    <subfield code="x">93L</subfield>
    <subfield code="f">ISSBD</subfield>
    <subfield code="v">93L</subfield>
    <subfield code="p">33</subfield>
    <subfield code="X">BEHRENM</subfield>
    <subfield code="U">2000-01-01 11:59:00 Europe/Berlin</subfield>
    <subfield code="Y">2022-01-12 12:13:05 Europe/Berlin</subfield>
    <subfield code="h">false</subfield>
    <subfield code="n">rei/z0003</subfield>
    <subfield code="i">9</subfield>
    <subfield code="k">1991</subfield>
    <subfield code="M">49HBZ_DUE</subfield>
    <subfield code="s">1</subfield>
    <subfield code="d">8</subfield>
    <subfield code="V">import</subfield>
    <subfield code="a">23317763680006443</subfield>
    <subfield code="t">8</subfield>
    <subfield code="c">rei z 3</subfield>
    <subfield code="q">9.1991</subfield>
    <subfield code="W">2016-03-08 01:00:00 Europe/Berlin</subfield>
    <subfield code="u">X0001</subfield>
    <subfield code="w">X0001</subfield>
  </datafield>
  <datafield tag="ITM" ind1=" " ind2=" ">
    <subfield code="H">22317763890006443</subfield>
    <subfield code="x">93L</subfield>
    <subfield code="f">ISSBD</subfield>
    <subfield code="v">93L</subfield>
    <subfield code="p">33</subfield>
    <subfield code="X">BEHRENM</subfield>
    <subfield code="U">2020-06-30 12:59:00 Europe/Berlin</subfield>
    <subfield code="Y">2022-01-12 12:13:05 Europe/Berlin</subfield>
    <subfield code="h">false</subfield>
    <subfield code="e">00001</subfield>
    <subfield code="n">rei/z0003</subfield>
    <subfield code="P">12/d/n/1</subfield>
    <subfield code="j">1</subfield>
    <subfield code="i">32</subfield>
    <subfield code="k">2014</subfield>
    <subfield code="M">49HBZ_DUE</subfield>
    <subfield code="s">1</subfield>
    <subfield code="d">8</subfield>
    <subfield code="V">import</subfield>
    <subfield code="L">bereits erschienen. / ern. per E-Mail erbeten 19.06.2020 JB / p.M. erbeten 9.5.18sa/ sollen lt. Anruf kommen, dauert etwas 14.6.18sa</subfield>
    <subfield code="a">23317763590006443</subfield>
    <subfield code="t">8</subfield>
    <subfield code="c">rei z 3</subfield>
    <subfield code="D">20200630</subfield>
    <subfield code="q">32.2015/2016</subfield>
    <subfield code="W">2017-09-14 02:00:00 Europe/Berlin</subfield>
    <subfield code="u">X0001</subfield>
    <subfield code="w">X0001</subfield>
  </datafield>
  <datafield tag="ITM" ind1=" " ind2=" ">
    <subfield code="H">22317763890006443</subfield>
    <subfield code="x">93L</subfield>
    <subfield code="f">ISSBD</subfield>
    <subfield code="v">93L</subfield>
    <subfield code="p">33</subfield>
    <subfield code="X">BEHRENM</subfield>
    <subfield code="U">2000-01-01 11:59:00 Europe/Berlin</subfield>
    <subfield code="Y">2022-01-12 12:13:05 Europe/Berlin</subfield>
    <subfield code="h">false</subfield>
    <subfield code="n">rei/z0003</subfield>
    <subfield code="i">17</subfield>
    <subfield code="k">1999</subfield>
    <subfield code="M">49HBZ_DUE</subfield>
    <subfield code="s">1</subfield>
    <subfield code="d">8</subfield>
    <subfield code="V">import</subfield>
    <subfield code="a">23317763600006443</subfield>
    <subfield code="t">8</subfield>
    <subfield code="c">rei z 3</subfield>
    <subfield code="q">17.1999</subfield>
    <subfield code="W">2016-03-08 01:00:00 Europe/Berlin</subfield>
    <subfield code="u">X0001</subfield>
    <subfield code="w">X0001</subfield>
  </datafield>
  <datafield tag="ITM" ind1=" " ind2=" ">
    <subfield code="H">22317763890006443</subfield>
    <subfield code="x">93L</subfield>
    <subfield code="f">ISSBD</subfield>
    <subfield code="v">93L</subfield>
    <subfield code="p">33</subfield>
    <subfield code="X">BEHRENM</subfield>
    <subfield code="U">2022-01-12 12:14:40 Europe/Berlin</subfield>
    <subfield code="Y">2022-01-12 12:16:54 Europe/Berlin</subfield>
    <subfield code="h">false</subfield>
    <subfield code="e">00001</subfield>
    <subfield code="n">rei/z0003</subfield>
    <subfield code="P">d</subfield>
    <subfield code="G">1</subfield>
    <subfield code="j">1</subfield>
    <subfield code="i">33</subfield>
    <subfield code="k">2021</subfield>
    <subfield code="M">49HBZ_DUE</subfield>
    <subfield code="s">1</subfield>
    <subfield code="d">8</subfield>
    <subfield code="V">import</subfield>
    <subfield code="a">23317763580006443</subfield>
    <subfield code="t">8</subfield>
    <subfield code="c">rei z 3</subfield>
    <subfield code="S">ZZ2339</subfield>
    <subfield code="D">2022-01-12 11:10:53</subfield>
    <subfield code="q">33.2021</subfield>
    <subfield code="W">2020-06-30 02:00:00 Europe/Berlin</subfield>
    <subfield code="u">X0001</subfield>
    <subfield code="w">X0001</subfield>
  </datafield>
  <datafield tag="ITM" ind1=" " ind2=" ">
    <subfield code="H">22317763890006443</subfield>
    <subfield code="x">93L</subfield>
    <subfield code="f">ISSUE</subfield>
    <subfield code="v">93L</subfield>
    <subfield code="p">33</subfield>
    <subfield code="X">BEHRENM</subfield>
    <subfield code="Y">2022-01-12 12:14:14 Europe/Berlin</subfield>
    <subfield code="h">false</subfield>
    <subfield code="n">rei/z0003</subfield>
    <subfield code="P">d</subfield>
    <subfield code="G">1</subfield>
    <subfield code="i">34</subfield>
    <subfield code="k">2023</subfield>
    <subfield code="M">49HBZ_DUE</subfield>
    <subfield code="s">0</subfield>
    <subfield code="d">8</subfield>
    <subfield code="V">BEHRENM</subfield>
    <subfield code="a">23349048300006443</subfield>
    <subfield code="t">8</subfield>
    <subfield code="c">rei z 3</subfield>
    <subfield code="r">ACQ</subfield>
    <subfield code="q">34.2023</subfield>
    <subfield code="W">2022-01-12 12:13:09 Europe/Berlin</subfield>
    <subfield code="u">X0001</subfield>
    <subfield code="w">X0001</subfield>
  </datafield>
  <datafield tag="H16" ind1="7" ind2=" ">
    <subfield code="a">619424-2</subfield>
    <subfield code="2">DE-600</subfield>
    <subfield code="8">22321673870006476</subfield>
  </datafield>
  <datafield tag="H35" ind1=" " ind2=" ">
    <subfield code="a">(DE-600)442987722</subfield>
    <subfield code="8">22321673870006476</subfield>
  </datafield>
  <datafield tag="H35" ind1=" " ind2=" ">
    <subfield code="a">(DE-38)442987722-49hbz_ubk</subfield>
    <subfield code="8">22321673870006476</subfield>
  </datafield>
  <datafield tag="H92" ind1=" " ind2=" ">
    <subfield code="a">501445-1</subfield>
    <subfield code="d">38/445</subfield>
    <subfield code="k">NRW</subfield>
    <subfield code="l">b</subfield>
    <subfield code="o">d</subfield>
    <subfield code="8">22321673870006476</subfield>
  </datafield>
  <datafield tag="H52" ind1="8" ind2="1">
    <subfield code="b">38-445</subfield>
    <subfield code="c">38-445-ZS</subfield>
    <subfield code="8">1</subfield>
    <subfield code="h">Ff 176/52</subfield>
    <subfield code="9">00</subfield>
    <subfield code="x">DE-38-445</subfield>
    <subfield code="8">22321673870006476</subfield>
  </datafield>
  <datafield tag="H59" ind1="0" ind2="0">
    <subfield code="8">1.1\x</subfield>
    <subfield code="a">2</subfield>
    <subfield code="i">1984</subfield>
    <subfield code="8">22321673870006476</subfield>
  </datafield>
  <datafield tag="H59" ind1="0" ind2="0">
    <subfield code="8">2.1\x</subfield>
    <subfield code="a">5</subfield>
    <subfield code="i">1987</subfield>
    <subfield code="8">22321673870006476</subfield>
  </datafield>
  <datafield tag="H59" ind1="0" ind2="0">
    <subfield code="8">3.1\x</subfield>
    <subfield code="a">6</subfield>
    <subfield code="i">1988</subfield>
    <subfield code="8">22321673870006476</subfield>
  </datafield>
  <datafield tag="H66" ind1="3" ind2="0">
    <subfield code="a"> 2.1984; 5.1987; 6.1988</subfield>
    <subfield code="8">22321673870006476</subfield>
  </datafield>
  <datafield tag="HOL" ind1=" " ind2=" ">
    <subfield code="b">2023-08-22 16:48:02</subfield>
    <subfield code="8">22321673870006476</subfield>
    <subfield code="M">49HBZ_UBK</subfield>
    <subfield code="g">false</subfield>
    <subfield code="a">import</subfield>
  </datafield>
  <datafield tag="GKT" ind1="2" ind2=" ">
    <subfield code="a">Heimatverein Eilendorf 1983 e.V.</subfield>
    <subfield code="4">nauv</subfield>
    <subfield code="4">https://d-nb.info/standards/elementset/gnd#variantName</subfield>
    <subfield code="w">r</subfield>
    <subfield code="i">Unveraenderte Form</subfield>
    <subfield code="e">Unveraenderte Form</subfield>
    <subfield code="A">GND</subfield>
    <subfield code="B">GND-007468946</subfield>
    <subfield code="C">410</subfield>
  </datafield>
  <datafield tag="GKT" ind1="2" ind2=" ">
    <subfield code="a">Heimatverein Aachen-Eilendorf</subfield>
    <subfield code="A">GND</subfield>
    <subfield code="B">GND-007468946</subfield>
    <subfield code="C">410</subfield>
  </datafield>
  <datafield tag="GKT" ind1="2" ind2=" ">
    <subfield code="a">HVE</subfield>
    <subfield code="4">abku</subfield>
    <subfield code="4">https://d-nb.info/standards/elementset/gnd#abbreviatedNameForTheCorporateBody</subfield>
    <subfield code="w">r</subfield>
    <subfield code="i">Abkuerzung</subfield>
    <subfield code="e">Abkuerzung</subfield>
    <subfield code="A">GND</subfield>
    <subfield code="B">GND-007468946</subfield>
    <subfield code="C">410</subfield>
  </datafield>
  <datafield tag="GSI" ind1="7" ind2=" ">
    <subfield code="a">2098277-X</subfield>
    <subfield code="0">http://d-nb.info/gnd/2098277-X</subfield>
    <subfield code="2">gnd</subfield>
    <subfield code="A">GND</subfield>
    <subfield code="B">GND-007468946</subfield>
    <subfield code="C">024</subfield>
  </datafield>
  <datafield tag="GST" ind1=" " ind2=" ">
    <subfield code="a">Heimatforschung</subfield>
    <subfield code="A">GND</subfield>
    <subfield code="B">GND-041277945</subfield>
    <subfield code="C">450</subfield>
  </datafield>
  <datafield tag="GST" ind1=" " ind2=" ">
    <subfield code="a">Heimatgeschichte</subfield>
    <subfield code="A">GND</subfield>
    <subfield code="B">GND-041277945</subfield>
    <subfield code="C">450</subfield>
  </datafield>
  <datafield tag="GSI" ind1="7" ind2=" ">
    <subfield code="a">http://d-nb.info/gnd/4127794-6</subfield>
    <subfield code="2">uri</subfield>
    <subfield code="A">GND</subfield>
    <subfield code="B">GND-041277945</subfield>
    <subfield code="C">024</subfield>
  </datafield>
  <datafield tag="GSI" ind1="7" ind2=" ">
    <subfield code="a">4092409-9</subfield>
    <subfield code="0">http://d-nb.info/gnd/4092409-9</subfield>
    <subfield code="2">gnd</subfield>
    <subfield code="A">GND</subfield>
    <subfield code="B">GND-040924092</subfield>
    <subfield code="C">024</subfield>
  </datafield>
  <datafield tag="GSI" ind1="7" ind2=" ">
    <subfield code="a">2931868</subfield>
    <subfield code="2">geonames</subfield>
    <subfield code="A">GND</subfield>
    <subfield code="B">GND-040924092</subfield>
    <subfield code="C">024</subfield>
  </datafield>
</record>
